@software{peggyjs,
  author = {{The Peggy Authors}},
  title = {Peggy},
  url = {https://peggyjs.org},
  version = {4.0.2},
  date = {2024-15-4},
}